2940 4714
293 345 343 422 53
438 329 442 358 ¹

234 554 236 563 ,
283 448 762 560 nutriretur,robornretnr'.
777 465 977 570 thum
991 471 1130 556 uatem,
1147 461 1312 540 Deme·

282 623 348 675 ras
370 594 506 696 inquit,
523 592 705 670 missionis
730 617 910 685 cansam,
946 589 1058 668 simul
1091 599 1129 666 et
1149 589 1294 668 exitum

282 720 518 826 patefaciens,
533 733 721 819 qnantum
731 732 859 798 autem
876 719 918 793 in
931 739 1026 793 curo
1039 715 1297 793 sibicommis-

283 869 330 922 eo
353 841 578 918 laboraverit
605 841 728 934 idem,
756 865 833 917 non
856 863 965 916 meae
987 838 1139 939 sufficit
1166 841 1298 914 scien-

204 959 207 966 ’
286 971 383 1058 tiae,
407 991 480 1042 nec
505 967 619 1040 etiam
635 945 866 1062 secundine.
892 965 1003 1040 Fano
1031 961 1215 1038 Matomm
1228 961 1297 1040 de·

285 1107 440 1170 struens
456 1093 634 1184 incendit,
649 1104 704 1184 et,
715 1117 761 1166 ne
777 1099 912 1182 petere,
925 1114 1021 1190 quae
1035 1087 1112 1188 jam
1122 1089 1294 1189 superins

285 1213 471 1316 descripta
494 1225 592 1306 snut,
620 1221 860 1312 repetamus,
884 1215 926 1287 in
942 1210 1087 1310 populo
1106 1213 1220 1288 nimis
1235 1217 1297 1289 in·

285 1340 393 1416 salso
404 1352 558 1416 sanctae
564 1339 857 1436 praedicationis
864 1336 1137 1438 plantationem
1146 1340 1293 1418 eduxit.

394 1463 454 1542 52.
479 1460 550 1536 sed
573 1459 727 1534 Graecis
759 1457 906 1558 adjutor
929 1459 969 1534 in
994 1460 1162 1538 Russinm
1177 1461 1296 1541 ·hsnd

285 1581 388 1660 solus
411 1609 433 1657 o
459 1581 602 1658 Latinis
626 1581 771 1662 venisse
789 1579 1021 1656 Reinber'nns
1035 1582 1297 1664 existimandus
1353 1605 1355 1610 '

284 1719 358 1786 est.
396 1711 489 1785 Seno
514 1707 706 1793 Ditmetus
739 1705 787 1782 de
812 1706 888 1782 elio
919 1732 1070 1808 quoquo
1104 1711 1293 1813 Episcopo

283 1830 419 1906 Latino
450 1839 556 1906 anton
575 1831 815 1922 meminerat,
833 1855 946 1932 qnem
958 1838 995 1906 ct
1010 1832 1134 1934 ipsum
1146 1835 1187 1910 in
1200 1859 1293 1910 con·

285 1949 473 2030 vertendis
506 1953 635 2028 Rassis
676 1977 829 2052 opernm
857 1954 1022 2052 posuisse
1064 1953 1268 2037 insinuavit
1283 1995 1306 2034 .·

281 2079 384 2154 Haec
410 2079 510 2156 enim
541 2071 741 2179 scripserat
777 2080 842 2176 (r).
872 2079 965 2153 Fuit
998 2081 1151 2179 quidam
1178 2086 1293 2161 Bran
1364 2128 1371 2147 ι·

284 2202 592 2299 (idestBruno)
616 2205 769 2279 nomine
793 2200 1105 2302 contemporalis,
1132 2217 1172 2280 et
1194 2229 1291 2280 oon-

285 2324 536 2401 sohotosticas
557 2350 679 2422 mens,
709 2351 932 2428 exgenere
962 2325 1171 2404 cornetan
1208 2327 1291 2403 edi-

290 2463 356 2528 tas
373 2503 629 2532 .....
655 2455 725 2547 ts,
773 2511 784 2533 .
834 2509 846 2532 .
896 2505 918 2529 .-
956 2468 1177 2552 ‚regnante
1195 2467 1292 2532 tanc

147 2627 152 2652 i
284 2571 477 2662 secundo,
515 2573 676 2650 Domini
703 2576 850 2674 pao,
878 2577 1070 2670 Henrieo,
1106 2577 1158 2654 od
1185 2583 1293 2656 Met-

283 2695 442 2794 sebarg,
463 2696 620 2770 veniens
663 2697 961 2778 benedictionem
1007 2725 1096 2776 oum
1136 2702 1289 2780 licentis

285 2823 431 2898 damini
454 2825 584 2920 Papae
609 2825 874 2925 Episcopalem
889 2828 937 2902 ab
952 2853 998 2904 eo
1007 2831 1127 2927 petits,
1144 2843 1184 2906 et
1205 2831 1291 2926 ejus

281 2954 458 3051 jussione
465 2950 512 3025 ob
527 2948 814 3052 Archiepiscopo
833 2957 1026 3054 Tagmone
1039 2960 1291 3032 consecratio-

286 3097 388 3168 nem,
408 3091 448 3154 et
469 3077 570 3177 quod
587 3079 673 3177 'ipsc
698 3077 834 3154 detulit
861 3079 937 3155 hac
962 3077 1118 3179 pallium
1151 3079 1289 3159 ibidem

283 3203 458 3298 suscepit·
491 3203 642 3280 Dehinc
666 3261 677 3284 .
703 3262 715 3286 .
741 3259 750 3280 .
774 3263 784 3284 .
812 3203 866 3278 od
897 3207 1097 3284 Prassizm
1120 3228 1290 3306 pergens

402 3486 442 3557 (r)
465 3481 572 3542 cleron.
592 3491 658 3548 Lib.
679 3495 730 3550 VI.
762 3509 853 3566 prope
887 3497 935 3554 fin.
956 3495 1034 3554 iuter
1052 3498 1195 3577 Scriptor.
1214 3499 1288 3558 dier·

282 3587 437 3661 Brunsvio.
458 3588 694 3652 meinsindam.
715 3599 738 3652 1.
759 3599 912 3676 panto&
1146 3579 1149 3584 ’
1195 3616 1197 3620 ’
