2946 4696
1086 341 1132 415 9¹

140 445 292 552 adducti
312 445 473 540 fuerint,
488 456 531 524 nt
553 437 751 528 ¹evaderent
769 441 995 540 Christiani,
1018 447 1058 524 in
1074 472 1151 524 ma·

145 572 304 648 muriam
334 568 553 648 redeamus.
589 570 671 646 Post
694 567 830 644 saeculi
870 566 1007 662 decimi
1035 567 1148 644 dimi·

141 697 273 789 dium,
295 719 359 772 seu
386 695 510 794 petius
541 704 624 770 ente
651 691 815 794 ejusdam
842 694 978 768 sacculi
1004 688 1148 786 finam,

146 832 183 896 et
207 819 278 894 sub
309 819 414 893 initio
442 817 650 912 undecimi,
672 828 715 892 nt
737 839 783 893 ex
805 817 1045 916 dictis'patet,
1062 820 1149 890 Rus·

144 944 176 1018 si
202 940 450 1017 Christianam
482 931 592 1018 fidem
621 967 641 1016 a
670 938 825 1016 Graecis
838 990 854 1031 ,
887 949 972 1016 eta
1010 938 1149 1014 Latinis

146 1065 269 1144 edocti
290 1077 395 1142 'sunt
421 1067 626 1143 Ordiamur
662 1075 827 1144 autema
853 1067 1015 1157 Latinis,
1048 1089 1148 1164 quu-

150 1213 238 1266 rum
263 1189 440 1264 industria
467 1187 626 1264 salutare
648 1211 742 1288 opus
767 1187 841 1286 jam
868 1211 890 1260 a
917 1185 1069 1261 Graccis
1091 1183 1150 1258 iu-

152 1321 325 1416 coeptum
351 1309 458 1412 quasi
481 1309 692 1386 ahsolutum
718 1309 881 1411 quodam
903 1307 1016 1382 mudn
1043 1316 1109 1384 est.

244 1426 308 1538 54.
335 1435 405 1511 sed
433 1435 510 1512 utin
532 1435 635 1514 abuti
665 1434 906 1524 videremur,
928 1433 959 1509 si
984 1430 1029 1507 ad
1061 1453 1147 1529 per·

148 1557 381 1638 suadendum
406 1561 471 1652 id,
500 1542 602 1660 quud
624 1585 751 1636 omnes
786 1556 923 1634 hahere
948 1557 1148 1657 persuasis-

7 1727 8 1732 =
146 1685 283 1757 simum
309 1681 467 1770 dehent,
498 1691 714 1781 argumenta
742 1677 1016 1770 adhiberemus,
1044 1677 1149 1754 nari·

143 1829 213 1881 uns
232 1804 404 1883 videlicet
427 1805 562 1880 Russus
585 1803 734 1882 Christo
756 1804 917 1904 genuisse
942 1799 1148 1878 Cathedraa

146 1926 248 2001 Petri
278 1923 534 2026 agglutinatus.
555 1926 654 2004 ltalia
672 1947 746 2002 nun
765 1925 909 2019 sulum,
922 1901 1050 2000 vasuh
1078 1923 1148 1996 Pu·

148 2051 247 2127 luuia
273 2051 405 2144 etiam,
429 2061 539 2151 atqua
558 2052 756 2128 Germania
768 2077 819 2142 ,u
844 2049 980 2151 quibus
996 2048 1033 2120 in
1055 2046 1148 2120 Rus·

7 2209 9 2226 ³
151 2180 243 2254 siem
276 2175 468 2276 Evangelii
503 2201 702 2277 praecones
728 2172 988 2263 Reinbernus,
1023 2173 1147 2245 Brunu

147 2301 385 2393 bonifacius,
411 2311 448 2376 et
473 2300 566 2375 socii
593 2298 673 2402 ejus
698 2298 903 2374 octodecim
930 2283 1148 2380 missisunt,

146 2433 381 2532 Apostolicaa
413 2429 492 2508 sadi
516 2431 742 2508 strictissime
772 2431 852 2506 tum
881 2427 1148 2504 consociaban·
1179 2442 1181 2448 '
1225 2495 1226 2500 ,

147 2569 220 2670 tur.
247 2558 398 2666 Nemini
421 2583 587 2661 nuquam
610 2557 657 2634 de
682 2557 754 2633 hou
782 2556 974 2643 dubitare,
1001 2565 1066 2628 aut
1081 2573 1148 2625 su·

147 2679 281 2780 spicari
318 2677 420 2756 venit
457 2678 495 2752 in
524 2690 709 2756 mentem.
743 2680 801 2753 Ac
833 2703 961 2756 revera
987 2673 1148 2750 'unionis
1233 2741 1239 2756 ,

146 2804 250 2881 istius
266 2806 390 2882 emnia
405 2807 672 2906 prepemudum
686 2803 926 2880 ecclesiastice
939 2801 1037 2875 iilius
1050 2803 1149 2870 acte·

147 2931 194 3004 tis
218 2939 454 3018 monumenta
477 2931 726 3006 testimonium
749 2928 955 3028 perhibent.
977 2925 1151 3024 Queruet

146 3053 282 3143 Russi,
319 3056 384 3154 qui
412 3081 434 3128 a
461 3053 602 3130 Latinis
631 3053 704 3126 iilis
728 3051 788 3128 vel
805 3051 893 3124 'nati
917 3041 1150 3132 Christiani,

146 3174 209 3252 vei
239 3174 322 3372 aiz,
347 3187 384 3250 et
406 3174 571 3252 roborati
601 3185 708 3266 sunt,
747 3171 866 3250 eidem
891 3171 969 3262 sedi
995 3173 1151 3268 Aposto-

144 3298 238 3372 licaa
310 3295 427 3395 puiati
451 3293 616 3370 adstricti
638 3303 674 3368 nt
697 3295 822 3369 inserti
838 3305 934 3370 sunt.
960 3292 1068 3370 Certa
1083 3289 1150 3390 qui

143 3422 386 3520 primitivam·
405 3423 614 3498 Russurum
654 3421 831 3506 unionem
863 3431 950 3496 uum
983 3425 1150 3498 Romana

143 3545 307 3623 Ecclesia
333 3558 582 3646 negaverunt,
606 3545 820 3649 neutiquam
840 3546 866 3623 ii
878 3547 1090 3654 cogitarunt
1105 3538 1151 3612 de
