2946 4696
305 377 378 454 nm

296 495 391 572 illud
422 492 491 570 hae
512 490 662 594 nuptian'
690 490 931 592 perspicuum
962 489 1134 585 faciunt,
1170 495 1311 572 Russos

296 621 341 670 eo
372 602 562 689 tempore,
588 615 664 692 quo
691 591 839 664 alicnati
856 602 962 665 erant
987 618 1008 665 a
1034 591 1311 685 Graecis,·La·

294 721 390 794 liuns
417 717 489 792 sibi
517 716 729 790 arctissimis
755 715 917 790 vinculis
937 715 1159 816 adjunxisse.
1215 775 1216 778 ,

388 840 449 942 76.
475 838 547 928 Sed
563 838 693 914 eodem
717 837 866 912 saeculo
883 837 1082 914 undecimo
1100 841 1139 913 iu
1155 839 1194 914 id
1210 841 1311 917 iius·

294 965 330 1044 si
357 962 520 1038 maxime
539 959 786 1050 studuerunt,
808 968 850 1032 ut
879 983 967 1034 cum
985 961 1151 1034 Romana
1180 963 1311 1038 Eccle-

291 1087 347 1166 sia
374 1086 678 1162 communionem
703 1078 913 1176 servarent,
928 1083 1203 1184 firmarentque.
1220 1089 1307 1164 Jam

291 1219 377 1285 ante
405 1207 599 1300 Michaelis
624 1203 809 1282 Cerularii
838 1203 997 1280 schisma
1022 1206 1210 1294 Jaroslaus
1232 1208 1310 1282 ali·

289 1359 403 1434 quem
433 1360 455 1408 a
483 1331 679 1406 mundicia
707 1332 801 1410 Vlll.
823 1331 1054 1452 {piscnpum
1069 1341 1302 1430 poposcerat,

191 1546 193 1550 ¹
289 1471 401 1560 atqua
425 1483 523 1532 anuo
553 1479 656 1534 rost.
685 1455 731 1528 ab
753 1481 797 1530 eo
831 1457 1045 1552 obtinuerat
1075 1460 1303 1566 Episcopum

291 1582 471 1662 Alexium
500 1583 648 1660 natione
679 1583 881 1683 drigarum
904 1585 1107 1660 admodum
1123 1587 1161 1660 in
1184 1587 1304 1665 Grac·

288 1733 334 1785 ca
347 1761 359 1798 ‚
379 1715 492 1806 atque
522 1705 633 1786 Siara
657 1706 784 1806 lingna
808 1717 1010 1784 versatum.
1037 1709 1208 1784 Meminit
1232 1708 1304 1784 hu·

286 1835 348 1934 jus
378 1833 434 1908 rei
465 1831 604 1910 Frisius
630 1833 730 1931 apud
757 1834 1024 1914 Karamsinum
1043 1837 1089 1930 [ι’]
1105 1834 1145 1913 iu
1173 1860 1307 1934 opere,

288 1955 392 2057 quod
408 1953 618 2054 inscripsits
648 1955 707 2030 De
732 1957 965 2051 Episcopatu
987 1959 1188 2032 Kioviensi
1203 1957 1310 2032 Com·

289 2079 486 2154 mentatio.
512 2078 733 2170 Orloviusu,
762 2079 1004 2170 Nicanorem,
1026 2090 1137 2178 atquc
1156 2081 1306 2158 Cassia·

287 2221 380 2272 num
391 2251 406 2288 ,
428 2198 496 2298 qui
521 2207 629 2274 autea
644 2198 692 2274 de
706 2201 827 2274 initiis
852 2199 1045 2296 religionis
1064 2201 1304 2280 Christsonoe
1368 2219 1386 2240 '

287 2325 330 2399 in
344 2326 492 2402 Russia
502 2325 725 2425 scripserant
738 2378 753 2415 ,
768 2324 905 2400 Frisios
920 2333 1025 2398 testes
1043 2324 1080 2398 in
1095 2349 1174 2399 rem
1191 2325 1302 2402 istam

290 2452 405 2556 dedit.
432 2449 564 2549 Naqnc
577 2451 607 2524 is
625 2462 775 2543 contra,
796 2475 842 2540 ne
854 2451 987 2530 leviter
1009 2450 1159 2552 quidam
1177 2477 1197 2526 a
1216 2452 1299 2532 Ka·

288 2572 453 2678 ramsiuo
476 2571 643 2670 carpitur
653 2631 668 2674 ,Ἰ
698 2575 827 2648 Statim
862 2600 951 2653 vero
981 2587 1023 2648 ut
1054 2573 1295 2650 rebellionem

283 2697 498 2778 cerularius
521 2697 611 2774 iecit
630 2699 668 2770 iu
683 2699 808 2773 sedem
825 2701 1056 2790 Romanam,
1072 2699 1174 2774 aliud
1187 2702 1296 2800 ,uns-

281 2823 443 2924 si,atque
459 2819 552 2896 illud
568 2845 643 2896 non
658 2823 742 2900 love
757 2831 1016 2920 argumentum
1033 2813 1299 2942 prpebuerunt,

283 2971 360 3046 quo
391 2956 479 3021 tunc
508 2942 708 3020 amicitiam
739 2969 827 3020 cum
856 2945 984 3020 eadem
1016 2945 1184 3018 Romana
1212 2943 1299 3018 seda

282 3073 368 3148 illos
393 3075 550 3150 coluisse
580 3071 747 3148 mirabili
761 3069 883 3146 'modo
903 3069 1075 3147 innotuit.
1096 3071 1225 3170 Quum
1249 3069 1299 3146 ad

281 3219 389 3270 aures
414 3195 644 3272 Leonisth.
669 3217 803 3275 venera
830 3190 1035 3268 turbulenti
1052 3201 1176 3266 motus
1192 3179 1290 3290 ejus-

360 3597 395 3673 (ι’)
416 3597 530 3654 Votum·
551 3603 591 3657 11.
608 3615 674 3660 not.
695 3603 744 3662 33.
