2940 4714
243 337 247 344 '
304 329 354 402 60

250 424 253 431 ⁵
295 476 375 528 nee
391 411 603 526 monachus!
610 503 621 556 ,
641 449 708 548 oui
732 472 820 557 euru
835 446 927 527 illuc
941 449 1143 557 comitatus
1167 453 1216 532 de
1231 457 1320 533 Ro-

298 603 445 655 uennae
453 577 612 674 finibus
638 578 775 673 suerat
787 635 799 671 ‚
820 581 911 678 quia
931 581 972 653 in
995 593 1074 654 toto
1105 578 1171 656 illo
1189 570 1312 661 itine-

298 731 340 781 re
375 707 449 783 Vn
482 703 708 788 uenerabilis
731 731 818 781 cum
848 704 1026 781 omnibus
1053 705 1206 804 quibem
1217 763 1231 801 ,
1246 713 1340 809 qui,

297 851 387 902 eum
419 827 700 924 sequebantur,
730 826 907 923 pedester
928 827 1006 900 ibat
1018 881 1032 920 ,
1054 825 1127 900 sed
1147 825 1227 926 rose
1238 833 1306 926 ju·
1345 817 1349 822 ⁵

179 1027 193 1042 ,
296 953 399 1049 giler
421 950 610 1049 psallens,
625 965 664 1026 et
677 963 850 1028 coeteros
873 949 988 1052 lange
1004 1006 1017 1046 ,
1036 951 1149 1028 nudes
1164 945 1316 1054 semper

295 1077 458 1175 oedibus
487 1077 686 1154 incedebat
715 1129 894 1155 .....
963 1133 975 1157 .
1004 1079 1210 1176 Postquam
1240 1105 1313 1156 ou·

300 1214 377 1274 tem
391 1213 637 1276 consecratus
657 1213 743 1291 est,
768 1199 936 1298 quotidie
950 1199 1172 1275 obseruabat
1184 1215 1224 1278 et
1239 1219 1315 1279 nto·

299 1329 488 1402 uostioum
508 1330 678 1425 pariter,
701 1337 742 1399 et
765 1324 994 1400 canonicum
1016 1327 1056 1398 in
1078 1324 1314 1402 celebrandis

296 1451 491 1522 Horarum
508 1447 832 1550 officiis'on'diuem
848 1431 1078 1558 J'Cum‘ueru
1099 1451 1186 1547 jam
1213 1451 1316 1527 ultro

204 1582 206 1586 ‘
298 1587 498 1650 montanos
511 1587 657 1670 peteret
665 1575 790 1668 fines,
804 1599 903 1675 equo
917 1575 1069 1674 quidem
1092 1575 1308 1671 uehebatur,

296 1699 368 1774 sed
394 1699 617 1774 uenerabilis
650 1701 856 1796 Pantffex,
876 1703 992 1776 sicuti
1018 1691 1167 1793 dieitur,
1194 1703 1318 1790 nudis

297 1824 472 1900 cruribus
498 1849 672 1920 semper,
688 1840 738 1901 et·
750 1825 896 1921 plantis
915 1825 1012 1904 adeo
1040 1824 1311 1904 intolerabilem

158 1930 163 1945 ‘
294 1947 571 2045 frigidissimae
589 1951 757 2046 regionis
775 1949 959 2038 tolerabat
974 1949 1165 2048 algorem,
1181 1965 1226 2026 ut
1244 1977 1312 2028 uo-

300 2071 385 2148 lens
416 2075 672 2166 descendere,
711 2077 778 2152 uia
803 2057 940 2174 pedem
977 2075 1305 2156 ob0sublroerente

245 2288 249 2298 x
287 2196 646 2302 ferrodisjungeret
658 2251 670 2288 ,
694 2199 771 2272 nisi
799 2223 900 2296 aqua
927 2201 1034 2297 prius
1053 2199 1175 2274 calida
1210 2202 1308 2274 sub-

297 2323 462 2398 ueniret.
504 2325 578 2400 Ad
602 2323 776 2400 Gentiles
798 2337 927 2403 autem
944 2338 1135 2423 postremo
1175 2337 1318 2422 perue-v

298 2442 409 2514 niens
426 2465 515 2517 curn
532 2459 638 2521 tanto
652 2450 774 2547 coepit
791 2447 936 2546 feruidi
944 2451 1111 2542 pectoris
1125 2448 1307 2526 constan-

294 2555 351 2638 tia
372 2566 611 2662 praedicere,
637 2587 682 2644 ut
691 2576 777 2664 jam
804 2573 936 2650 nullus
959 2575 1193 2674 ambigeret,
1217 2578 1306 2674 quia
1345 2645 1358 2673 ,

197 2751 201 2770 t
304 2691 380 2770 Vir
402 2703 560 2768 sauctus
587 2700 811 2799 martyrium
810 2699 1039 2798 flagitaret.
1058 2702 1123 2781 llli
1149 2726 1236 2780 uero
1252 2703 1318 2784 tl*

294 2827 454 2906 mentes,
476 2839 526 2889 ree
546 2817 647 2890 siout
670 2833 759 2914 past
786 2823 1007 2916 martyrium
1036 2827 1302 2905 B.·Adelber-

300 2941 357 3030 ti,
381 2935 674 3016 eoruscantibus
705 2936 972 3020 miraculorum
1004 2947 1156 3047 signis,
1193 2949 1304 3025 Scla-

293 3065 450 3138 uonicoe
473 3065 604 3161 gentis
642 3062 816 3162 plerique
847 3051 1022 3146 conuersi
1046 3079 1175 3164 'sunt,
1192 3075 1304 3168 'zosis

291 3207 442 3284 ouoque
466 3191 639 3266 similiter
650 3193 827 3284 eueniret,
846 3174 961 3293 longo
983 3209 1148 3296 tempore
1170 3223 1195 3272 a
1219 3199 1306 3272 bea·
1328 3221 1343 3240 ²

293 3321 333 3416 to
371 3313 470 3387 Viro
491 3341 628 3402 monus
659 3319 866 3416 artificioso
895 3321 1040 3396 malitia
1070 3327 1302 3424 reprimunt.

229 3464 231 3469 ·
293 3432 367 3508 Hic
399 3433 623 3515 Adalhertus
653 3469 729 3518 non
761 3446 825 3520 ille
862 3456 950 3540 est,
982 3473 1095 3548 quom
1126 3449 1166 3524 in
1203 3437 1306 3522 Rus-

290 3557 382 3635 eiam
394 3555 606 3660 profectum
620 3589 707 3657 esse,
723 3569 1294 3676 acdeindcadbrchiepiscopa-
1334 3553 1338 3562 ¹
