2946 4696
136 471 139 478 “
168 467 265 556 detn'
284 467 550 564 Petriarchae,
574 479 649 550 tres
676 469 722 548 ab
750 469 815 548 illo
844 471 1023 551 Pontifice.
1048 353 1203 576 Lugii·

167 595 270 670 missi
298 605 383 671 sunt
411 591 800 694 Constantinopolim,
831 595 1040 672 Cardinalie
1074 622 1179 672 nem-

166 739 215 834 pe
239 721 470 796 Humbertus
497 720 707 820 Episcopus
734 719 857 797 Silvae
888 719 1079 798 Candidne
1092 773 1107 812 ,
1139 744 1185 796 ac

165 839 302 940 petrus
324 839 636 942 Archicpiscopus
665 837 951 939 Amalphitanus
969 895 981 932 ,
997 851 1034 916 et
1055 841 1183 918 Fride-

165 965 267 1042 rious
303 977 393 1044 tunc
415 969 608 1044 Diacouns
640 976 677 1042 et
718 966 1003 1058 cancellarius,
1043 966 1179 1043 deiude
1327 941 1356 1004 .'

166 1091 267 1192 Papa
289 1094 359 1168 sub
381 1093 530 1169 nomine
550 1087 725 1192 Stephani
750 1093 801 1171 X.
830 1091 1000 1166 Habetnr
1017 1090 1078 1190 (k)
1093 1092 1177 1178 bref

164 1219 229 1288 vis
245 1228 285 1290 ct
294 1219 491 1290 succincto
505 1217 806 1290 commemoratio
821 1237 964 1303 eorum,
980 1237 1078 1312 quoe
1091 1219 1184 1310 ges-

165 1354 302 1415 serunt
315 1341 559 1440 Apocrisicrii
572 1353 729 1419 sunctae
750 1342 948 1415 Romanae
961 1351 1001 1413 et
1023 1331 1186 1432 Aposto-

166 1463 264 1540 licoe
282 1467 386 1542 sedis
420 1471 461 1541 in
491 1477 598 1566 regin
627 1465 751 1556 urbe,
777 1489 891 1564 qnam
903 1515 919 1554 ‚
954 1472 1044 1538 teste
1072 1463 1179 1564 Sigue-

170 1590 278 1664 bcrto
303 1589 564 1689 Gemplacensi
587 1589 658 1687 (l),
683 1589 914 1663 Humbcrtus
946 1588 1026 1688 ipse
1058 1591 1179 1689 Lnga?

167 1725 296 1789 torum
323 1713 467 1814 primns
493 1714 673 1811 exposuit.
690 1712 917 1788 Protulimus
934 1739 1002 1788 nos
1027 1739 1179 1815 quoque

169 1838 299 1912 locum
323 1837 523 1938 quamdam
542 1863 589 1913 ex
611 1863 653 1913 ea
678 1837 848 1938 superins
865 1839 948 1938 (m).
963 1839 1064 1935 Ergo
1080 1849 1184 1938 post·

171 1961 295 2062 qnam'
316 1962 363 2038 da
388 1961 517 2040 charta
543 1963 936 2039 excommunicationis
951 1964 990 2037 in
1009 1961 1179 2040 Michae·
1325 1975 1329 1980 '

170 2085 245 2162 lem
276 2085 512 2174 cerularium
544 2087 639 2162 latae
681 2113 795 2190 super
825 2089 941 2164 altare
969 2089 1179 2166 maximum

169 2209 357 2290 Ecclesiae
372 2219 518 2284 sanctae
532 2206 692 2308 Sophiae
715 2239 736 2285 a
759 2209 907 2308 Legatis
924 2211 1042 2312 posita
1055 2212 1179 2292 Hnms

175 2337 303 2414 bertus
329 2314 519 2428 mammii,
545 2335 659 2411 laetos
683 2335 767 2410 illos
790 2335 924 2413 deiude
939 2337 1179 2428 narratCou·

49 2455 51 2469 '
170 2459 408 2560 stantiuopoli
437 2460 618 2562 digressos
646 2487 750 2554 ess03
775 2487 818 2538 ac
843 2472 968 2564 postea
1000 2462 1051 2539 ita
1088 2486 1183 2564 proa

172 2582 340 2683 sequitur
353 2591 365 2656 ε’
393 2583 470 2656 Sed
488 2585 606 2658 nimia
626 2583 808 2658 instantia
829 2607 988 2680 precum
1003 2585 1179 2660 Michae-

172 2707 220 2782 lis
244 2691 461 2804 spondentis
477 2719 568 2782 tuuc
583 2704 790 2783 demumsc
802 2709 1065 2802 conflicturum
1088 2729 1178 2780 cum

170 2833 227 2907 eis
251 2836 448 2934 imperator
462 2831 754 2931 (Constantinus
767 2827 1060 2929 Mouomachus)
1076 2851 1179 2903 com-
1298 2871 1312 2898 x.

169 2953 307 3049 pulsus
329 3007 339 3032 .
365 3008 375 3031 .
402 3011 412 3031 .
439 3014 450 3032 .
475 2978 542 3028 eos
563 2957 751 3031 revocavit
774 3013 786 3034 .
811 2995 823 3032 .-
848 3012 860 3032 .
887 3003 898 3028 .
927 2954 1037 3053 Quos
1067 2973 1176 3052 prue-

255 3257 296 3334 (l)
316 3263 402 3316 Tem.
421 3258 475 3312 XI.
497 3248 845 3313 cenomannenses.
870 3264 901 3312 et
919 3266 1001 3326 seqq·
1024 3226 1093 3312 edii.
1114 3253 1191 3310 Veu.¹

177 3367 277 3426 Colcti.
356 3378 359 3385 ’

165 3481 172 3490 ’
261 3469 297 3543 (l)
319 3469 354 3526 act
374 3484 445 3526 aun.
467 3463 555 3526 1054.

172 3575 798 3684 ·mmssmw·.
