2940 4714
1063 323 1113 412 nt

125 483 173 534 ea
197 457 240 534 in
266 481 329 546 re,
358 453 405 532 de
429 481 504 557 qus
531 453 680 554 agitur,
711 455 809 536 veris
847 455 938 534 falsa
970 459 1123 540 miseere
1157 505 1164 514 ι

124 605 204 658 nou
229 580 462 672 erubuisset,
485 579 605 656 Photii
629 579 781 679 gloriam
804 581 914 658 fseiie
934 585 1126 660 antetulis-

123 713 205 792 set,
236 726 313 784 nou
337 725 439 780 versa
470 700 551 779 viee
578 700 732 800 gloriam
769 703 925 802 ignatii.
966 705 1122 779 anilius

125 829 257 918 euim,
291 828 357 928 qni
385 829 431 903 ab
457 827 589 919 initio,
612 841 655 902 ut
680 851 793 928 supra
818 828 1000 920 diximus,
1039 855 1120 904 mo·

126 975 208 1025 rem
219 948 374 1026 Nicolao
386 949 411 1022 i.
425 947 595 1022 Pontifici
607 949 776 1024 Romano
795 959 973 1048 gesserat,
988 961 1124 1049 postes,

124 1085 320 1170 antequam
350 1077 557 1144 moreretur
582 1070 762 1168 lguatius,
782 1069 955 1147 Photium
990 1073 1126 1150 iterum

122 1193 323 1276 advocavit
352 1193 733 1293 Constantinopolim
765 1221 809 1270 se
834 1193 991 1288 deinde,
1017 1199 1124 1297 igna-

123 1320 176 1394 tio
198 1328 375 1409 mortuo,
397 1319 505 1394 illum
528 1319 669 1394 eontra
682 1319 848 1419 plurium
869 1321 1125 1400 Romanorum

121 1443 346 1520 Pontificum
371 1443 518 1518 decreto
547 1444 595 1519 ad
613 1454 819 1522 extremum
841 1471 959 1548 usqne
974 1445 1012 1519 in
1026 1445 1127 1522 Cou-

118 1571 445 1670 stsutiuopuiitana
477 1569 563 1644 sede
586 1571 759 1644 sustinuit
795 1581 906 1671 utque
935 1571 1125 1671 protexit.

121 1691 229 1788 Quid
253 1689 397 1789 plura?
431 1680 566 1762 Nonne
587 1711 762 1762 excusare
792 1689 1130 1790 Porphyrogeuitus

116 1814 227 1888 istam
254 1835 408 1909 quoque
417 1809 542 1882 Basilii
562 1807 842 1884 inconstantiam
853 1861 866 1902 ,
889 1811 991 1886 uuila
1006 1816 1129 1888 tamen

118 1936 224 2011 faeta
246 1932 295 2008 de
317 1932 494 2008 Romanis
524 1932 763 2008 Pontificibus
789 1936 998 2028 mentione,
1022 1949 1132 2012 cona·

89 2077 92 2083 '
120 2061 224 2134 tur?
248 2056 317 2134 Sed
346 2081 428 2132 erm
461 2065 502 2130 ut
539 2069 758 2148 excusaret,
792 2057 824 2132 is
850 2060 980 2134 merita
1007 2058 1129 2134 Photii

121 2183 254 2262 nisisi
284 2203 534 2281 exaggerare,
558 2185 775 2282 neutiquam
807 2181 974 2282 proiecto
1005 2183 1129 2258 immi-

115 2331 252 2396 nuere,
275 2311 312 2378 et
340 2301 609 2392 multominus
631 2305 853 2404 praeterire,
878 2316 943 2381 aut
964 2305 1128 2406 denega-

118 2463 166 2516 re
192 2435 461 2536 proposuissem
485 2437 537 2511 At
561 2459 637 2512 nou
664 2436 905 2534 praeteriisset
921 2436 984 2512 itia
1000 2436 1127 2530 modo,

120 2557 189 2636 sed
213 2557 335 2657 aliqua
350 2557 460 2633 etiam
471 2583 518 2633 ax
534 2567 638 2658 parte
657 2557 866 2660 denegasset
879 2611 895 2650 ,
909 2559 940 2634 si
957 2559 1130 2660 gloriam,

123 2703 241 2784 quam
277 2677 430 2755 Photins
472 2680 511 2754 in
536 2681 789 2758 conversione·
811 2683 1017 2758 Russornm
1055 2681 1128 2756 sibi

127 2811 321 2904 pepererat
335 2857 347 2894 ,
361 2800 408 2877 ad
423 2799 605 2902 ignatium
629 2799 904 2877 transfudisset:
925 2804 1053 2903 Quum
1064 2825 1125 2874 er-

130 2951 179 3024 go
215 2925 395 3024 ignatium
432 2919 524 2998 tuno
558 2923 825 3015 nominaverit,
858 2921 1011 2998 minime
1036 2943 1128 2998 vero

124 3048 331 3140 Photium,
362 3073 438 3122 uon
464 3045 574 3142 huie,
612 3045 676 3123 sed
705 3047 761 3122 illi
792 3041 1044 3130 ascribendam
1067 3067 1126 3118 sa·

125 3197 230 3251 eram
254 3173 358 3250 istam
388 3171 659 3272 expeditionem
684 3171 795 3270 plane
820 3181 965 3244 eertum
999 3177 1036 3242 st
1058 3194 1128 3246 ex·
1281 3245 1284 3254 ,

57 3403 61 3417 Ι
127 3297 316 3398 ploratum
342 3293 499 3372 habuit.

222 3445 279 3496 ιο.
304 3419 367 3496 sd
387 3417 636 3496 testimouium
653 3414 775 3494 Photii
797 3439 897 3492 nune
911 3414 1122 3494 redeamus.

125 3542 173 3617 Et
208 3533 390 3644 quoniam
415 3541 598 3642 integrum
622 3541 697 3644 jam
720 3537 815 3620 iilud
845 3565 958 3642 supra
985 3539 1126 3618 deeri-
