2946 4696
130 463 196 540 dne
225 463 332 554 Maii,
358 461 410 538 nd'
421 461 626 538 Bolesinunt
643 462 830 540 Poionoru
841 489 877 540 m
894 465 1028 544 donem
1045 361 1137 544 nii:

129 588 180 660 sis
205 597 354 662 sanctus
385 585 586 684 Gregorius
609 586 688 663 Vll.
711 585 758 660 de
783 611 868 685 rege
898 589 1151 682 Remorum„

128 711 207 812 ejus
224 723 345 785 temen
369 711 505 783 omisso
529 711 677 784 nomine
688 761 702 802 ,
720 713 944 786 mentionem
961 711 1061 788 feeit.
1078 717 1131 790 ite
1218 699 1222 709 ’
1270 741 1272 747 ·

128 861 290 935 nomque
315 836 353 932 in
384 835 439 907 his
465 833 592 909 litteris
619 833 798 934 loquutus
829 848 883 910 est
911 837 995 934 (n):
1026 838 1150 914 inter.

132 961 260 1034 omnio
274 955 460 1032 servando
472 947 575 1030 'vobio
590 971 648 1032 est
662 958 827 1030 οὴανὶιαε
835 1011 845 1047 ,
861 983 975 1056 onom
997 960 1128 1056 (quod

140 1086 248 1158 inviti
260 1083 449 1174 dicimur)
472 1083 511 1155 in
528 1083 717 1181 pecunie,
742 1105 856 1182 quom
867 1089 951 1176 regi
969 1087 1122 1157 Roseo-
1149 1157 1171 1179 ,
1241 1137 1244 1142 -

126 1226 213 1278 rum
237 1201 465 1291 abstulere,
491 1201 653 1278 violasse
662 1202 861 1278 «videmini.
889 1205 1131 1304 Quapropter

127 1323 371 1400 condolentes
389 1323 492 1400 robis
502 1375 518 1414 ,
543 1323 702 1398 multum
722 1347 789 1398 voe
810 1347 990 1422 rogamus
1016 1338 1055 1397 et
1067 1324 1133 1398 od.

126 1470 346 1538 mortemue,
379 1459 424 1520 nt
443 1470 511 1547 pro
530 1460 659 1522 orooro
674 1449 776 1536 Dei,
801 1457 845 1522 et
868 1450 993 1520 sonori
1022 1449 1130 1522 Petri

130 1568 314 1668 quidquid
326 1569 400 1640 sibi
423 1594 448 1640 o
470 1568 593 1656 vobin,
615 1568 676 1640 vel
697 1550 832 1642 restris
854 1569 1021 1642 oblatum
1036 1585 1102 1646 eet
1120 1599 1152 1676 ,s

136 1695 285 1768 restitui
304 1691 472 1790 facietis.
497 1692 611 1764 Porro
640 1690 740 1789 epod
766 1692 969 1790 Scriptores
998 1719 1126 1772 rerum

131 1811 426 1918 Ruthenionrum
438 1811 476 1884 id
490 1809 581 1884 nihil
594 1810 831 1886 dubitationis
847 1813 975 1906 hebet,
995 1818 1134 1892 Russo-
1213 1861 1220 1872 τ

125 1960 213 2012 rum
228 1933 369 2008 scilieet
392 1957 517 2032 regem
533 1930 633 2008 huno
642 1987 658 2028 ,
687 1935 733 2009 de
757 1960 834 2034 quo
851 1938 1017 2014 meminit
1033 1940 1148 2036 Gne<

129 2061 258 2164 gorius
275 2060 354 2139 Vii.
377 2059 414 2132 in
429 2058 559 2134 litteris
579 2060 626 2136 ed
645 2061 873 2156 Boieeieum,
889 2063 996 2140 iilum
1016 2091 1124 2142 eum·

133 2187 218 2264 dem
234 2211 359 2286 regem
380 2211 481 2276 esee,
505 2186 567 2261 oni
597 2188 738 2286 pennis,
756 2201 840 2262 ente
866 2189 997 2264 diebus
1027 2191 1144 2268 idern.

129 2299 306 2388 Pontifex'
324 2311 516 2412 epistolam
540 2311 709 2411 superine
735 2339 757 2388 a
778 2314 885 2390 nobie
903 2315 1126 2414 exscriptam

129 2440 290 2517 dederat.
319 2441 389 2515 Sed
412 2465 534 2540 neque
558 2439 630 2515 hoo
655 2440 859 2518 obnoxium
881 2442 949 2518 uili
977 2443 1126 2518 dubite-

127 2565 221 2642 tioni
253 2575 323 2658 est,
348 2565 525 2643 iznsinnm
549 2591 626 2640 esse
649 2565 756 2642 iilum
782 2593 905 2669 regem
918 2584 1025 2668 ,'pro
1050 2595 1129 2669 quo

129 2691 176 2766 ed
195 2692 419 2766 Poionornm
442 2690 577 2768 ducem
593 2690 798 2767 Bnlenlenm
815 2695 959 2795 scripsit
983 2695 1138 2793 Grego-v

125 2813 204 2888 rius
229 2813 306 2890 Vii.
335 2812 518 2910 Spoliatus
544 2813 643 2888 enim
673 2813 785 2912 penio
815 2825 920 2888 nntee
951 2813 1124 2891 thesauro

127 2960 196 3010 suo
219 2961 241 3008 e
264 2932 412 3008 Polonie
439 2933 561 3010 fuerat
587 2957 655 3010 rex
672 2935 841 3011 inaniens.
857 2937 1035 3010 Testetur
1055 2936 1130 3013 hoo
1228 2933 1231 2944 ’
1264 2977 1274 2990 ·

124 3064 259 3140 Nestor
280 3063 327 3138 ed
343 3089 481 3138 ennom
504 3065 632 3160 ¹073···
657 3063 834 3138 lzoeloue
851 3062 1049 3160 profectus
1063 3053 1133 3138 ‘est

127 3187 179 3262 od
192 3185 360 3264 Polonos
382 3209 470 3261 oum
494 3185 627 3284 opibus
644 3185 863 3284 ingentibus
879 3245 889 3263 .
907 3241 918 3262 .
939 3239 948 3260 .
968 3189 1030 3262 Ar
1044 3213 1126 3264 om·
1242 3197 1250 3210 '

205 3551 250 3637 Ι(ιι)
271 3554 352 3608 Tem.
372 3550 439 3606 ΧΠ.
463 3545 573 3605 conrii.
594 3545 681 3606 Lebb.
705 3545 761 3604 eoi.
783 3543 852 3616 354.
871 3542 922 3602 eit·
942 3543 1012 3604 odit.

461 3665 476 3704 r
