2940 4714
145 483 297 588 quidem
312 481 493 586 ponderis
504 481 715 565 camene
725 481 884 562 Ditmari
898 483 1151 566 testimouium

147 607 354 687 declaravit
370 667 380 686 .
402 607 573 708 Namque
589 607 823 708 idemipsum
839 663 851 700 ,
867 635 942 686 uon
964 611 1150 710 integrum

145 744 293 828 tamen,
309 734 502 836 allegavit,
525 759 643 835 quum
667 735 726 833 (p)
747 737 872 838 coepit
899 737 946 814 de
962 738 1155 839 Svatopol·

145 855 189 933 ki
215 857 421 934 defectione
447 883 652 934 sermonem
693 857 819 949 facere
842 916 852 936 .
879 864 994 938 Hunc
1030 875 1153 940 autem

145 977 262 1066 iuisce
290 1003 403 1056 uuum
432 978 538 1056 illum
577 1007 599 1058 e
637 979 724 1054 liiiio
763 981 1014 1075 Volodimiri,
1058 985 1154 1085 qui,

142 1105 314 1183 Ditmaro
343 1112 444 1195 tosto,
470 1103 591 1180 filiam
612 1103 770 1181 lloloslai
797 1105 974 1182 Polouiee
1007 1106 1151 1206 priuci-

142 1229 202 1330 pis
229 1253 381 1306 uxorem
402 1227 521 1319 duxit,
545 1229 747 1306 rectissime
772 1231 1033 1330 iuterpretatur
1069 1241 1150 1306 ert.

142 1353 214 1430 Sed
236 1353 308 1430 hoc
326 1354 438 1430 etiarn
466 1365 570 1430 autea
584 1355 830 1432 Karamsiuus
854 1357 912 1456 (q)
926 1355 1153 1450 annotavit,

144 1475 356 1552 Dilmurum
389 1499 521 1576 nempe
549 1475 674 1576 plures
691 1479 793 1578 apud
822 1475 956 1554 ducem
977 1477 1152 1554 Polouiao

142 1591 314 1674 habuisse
341 1587 502 1695 amieos,
530 1597 597 1696 qui
625 1625 687 1688 ea,
712 1625 809 1696 quae
824 1600 862 1673 in
880 1599 1032 1674 Polonia
1062 1625 1149 1676 cve·

138 1735 271 1798 norant
284 1775 300 1813 ,
314 1718 477 1819 propriis
512 1719 632 1794 oculis
661 1733 932 1817 conspexerunt
947 1783 957 1800 .
974 1723 1148 1814 Accedit,

138 1848 245 1950 quod
274 1848 316 1922 iu
333 1844 520 1934 saxonia,
543 1843 582 1916 in
612 1869 654 1920 ce
678 1843 1151 1943 scilicctGermaniuepcr·

142 1987 181 2050 te
208 1973 402 2048 Ditm‘arus
416 1967 562 2070 degeret
579 2021 595 2060 ,
610 1995 653 2044 oc
686 1969 892 2060 scriberet,
915 1993 1011 2068 quae
1038 1967 1151 2044 Polc-

149 2095 235 2170 uiae
269 2094 439 2193 proxima
465 2103 518 2169 oct
537 2095 555 2168 .‘
571 2096 701 2195 Quum
729 2117 819 2169 vero
845 2093 1018 2200 proximp
1041 2092 1153 2166 etiam

146 2219 303 2300 nursiae
338 2214 488 2291 Pclouia
512 2215 592 2314 rit,
620 2212 723 2298 haud
751 2203 1020 2306 dubitandum,
1045 2211 1152 2288 Polo·
1238 2197 1246 2214 ’

142 2371 211 2448 uos
241 2341 392 2420 scivisse
406 2395 418 2432 ‚
450 2339 604 2440 quinam
644 2363 733 2414 suae
775 2337 932 2413 nationis
980 2336 1148 2425 homiues

146 2467 364 2544 illustriores
376 2465 414 2538 iu
428 2464 596 2540 Russiam
614 2461 960 2570 proficiscerentur,
981 2471 1020 2538 ct
1041 2459 1152 2562 quid·

3 2585 5 2668 J
146 2615 236 2666 uam
265 2587 358 2662 inibi
384 2585 593 2684 praeclarae
608 2583 663 2662 rai
688 2594 813 2683 postea
838 2597 1029 2684 gererent.
1082 2645 1087 2659 .

244 2711 504 2790 31;lamvero
533 2707 799 2790 cumBoleslai
829 2706 903 2782 lilia
941 2709 1093 2784 missum
1124 2695 1183 2780 al

147 2839 298 2917 Polonis
313 2835 352 2910 iu
367 2831 535 2916 Rosciam
553 2835 803 2913 Rcinberuum
821 2833 1049 2932 Episcopum
1065 2829 1152 2904 Dit-

148 2989 273 3041 marus
286 2961 397 3040 refert
406 2989 417 3056 ;
433 2961 640 3066 significuus
656 2973 840 3060 practerea
849 3007 862 3046 ,
879 2959 962 3034 ideo
979 2952 1153 3029 comitem

149 3091 263 3166 istum
278 3089 471 3181 additum,
495 3099 537 3163 ut
564 3087 690 3163 studio
708 3097 745 3160 et
770 3109 882 3182 opere
908 3082 987 3179 ejus
1013 3073 1150 3152 ibidem

149 3215 472 3326 Christianarum
501 3215 617 3312 magis
638 3211 828 3308 magisque
860 3210 1152 3303 propagaretur,

152 3385 1121 3424 ......................-..-.-------

249 3483 298 3553 tr)
318 3480 495 3576 vorumrn.
515 3493 576 3558 cap.
597 3479 621 3532 1.

253 3584 294 3662 (q)
315 3581 431 3637 volum·
453 3583 477 3637 1.
499 3591 563 3636 not.
582 3581 606 3636 Ι.
