2940 4714
342 309 394 407 24

329 439 425 516 tetes
437 489 452 529 ,
466 459 553 514 cum
578 435 739 527 diceret,
752 434 944 514 Historias
965 459 1041 512 non
1064 436 1193 512 minus
1218 449 1336 514 sctu-

327 577 425 640 stnec
450 563 565 636 nitriis
577 617 589 654 ,
609 585 722 659 quum
751 563 915 636 ηονίιαιε
926 564 1128 660 flrbulosus
1142 617 1155 658 ,
1168 573 1211 638 et
1231 565 1339 658 inju-

325 683 467 760 cundus
477 707 566 760 esse
580 741 590 764 .
602 683 673 758 sod
687 682 753 784 qui
777 683 843 776 rei,
858 711 971 784 quum
983 698 1119 778 norrnt,
1129 687 1335 786 proximus

326 821 381 885 cst
407 813 551 911 (quum
576 808 668 886 nihil
687 809 781 885 iortn
801 809 848 884 sit
875 809 998 886 adhuc
1025 811 1336 911 impedimento,

326 937 526 1036 quominus
551 962 609 1012 ros
633 936 735 1037 ipsu,
758 935 863 1040 cujus
888 933 1054 1037 alioquin
1080 961 1211 1012 recens
1251 961 1334 1014 mo

326 1057 446 1132 morin
474 1073 551 1152 est,
575 1057 785 1156 detegatur,
808 1083 876 1132 noc
900 1083 975 1130 non
998 1072 1034 1134 ot
1045 1055 1334 1152 manifestetur)

326 1179 519 1280 proximus
542 1179 605 1256 ilio
625 1180 784 1277 scriptor
800 1178 946 1276 dignior
961 1190 1079 1268 certe,
1103 1177 1165 1252 cui
1185 1178 1332 1255 haben-

324 1311 388 1378 tur
410 1299 498 1376 fides
509 1353 524 1390 ,
555 1299 627 1374 alio
649 1299 735 1374 iicet
760 1299 905 1400 aequali
932 1301 1111 1400 scriptore
1137 1315 1335 1377 consetur.

322 1421 439 1498 Porro
463 1419 594 1494 sedatis
615 1419 692 1520 jum
709 1421 748 1496 in
764 1420 1167 1530 Constantinopolitano
1189 1425 1336 1502 Eccle-

322 1545 376 1620 sin
393 1546 517 1622 'turbis
535 1555 572 1620 ot
595 1545 915 1639 contentionibus,
944 1555 1141 1650 postquam
1156 1549 1334 1649 ignotius

319 1671 514 1772 primum,
542 1671 675 1748 deiude
699 1659 851 1748 Photius
885 1672 1136 1772 decesserunt,
1170 1672 1334 1772 scripsit

177 1871 179 1876 .
320 1795 584 1874 Constantinus
608 1797 971 1900 Porphyrogenitus.
993 1800 1096 1900 Quos
1111 1797 1224 1896 igitur
1236 1805 1334 1872 anto

321 1923 446 1999 minus
471 1933 575 2000 oront
597 1939 815 2024 comporta,
839 1952 909 2015 on,
933 1923 1176 2022 tranquillatis
1186 1921 1330 2010 rebus,

317 2048 449 2122 melius
471 2048 604 2121 rescire
634 2047 713 2144 ipss
754 2057 925 2143 poterat.
954 2041 1326 2144 Praeterquumqnod

317 2174 358 2250 in
383 2170 564 2274 imperiali
582 2167 719 2244 throno
745 2191 862 2268 usquc
881 2167 930 2238 nb
965 2163 1121 2240 infautia
1155 2170 1325 2245 colloco-

315 2304 401 2386 tus,
424 2309 462 2370 ct
485 2321 558 2370 non
582 2290 788 2370 litterarum
826 2287 1087 2383 solummodo,
1121 2293 1187 2369 sed
1225 2294 1322 2370 roli-

314 2420 434 2522 gionis
458 2423 568 2495 etism
601 2428 712 2520 atquc
741 2415 884 2517 pictatis
918 2414 1042 2492 cultor
1072 2444 1191 2517 quum
1223 2430 1322 2496 osset

314 2537 676 2640 Porphyrogsnitus.
697 2536 809 2612 homo
835 2533 976 2612 fraudis
989 2537 1160 2616 inimicus
1175 2537 1316 2616 huben·

313 2657 386 2733 dus
410 2663 488 2733 cst.
520 2657 651 2756 Neque
673 2657 772 2733 cuim
805 2658 984 2757 suspicari
1011 2658 1127 2762 licut,⁴
1143 2687 1229 2737 oum
1266 2663 1317 2740 ud

231 2880 235 2893 x
312 2782 440 2860 laudes
461 2777 733 2882 amplificandus
758 2779 820 2858 nvi
846 2781 903 2855 sui
937 2782 1061 2858 Basilii
1093 2785 1311 2861 Macedonis

314 2909 468 2986 suadere
497 2905 681 2998 votuisse,
705 2903 1065 3008 Archiopiscopum,
1098 2909 1225 2984 Russis
1250 2909 1314 2986 de-

312 3034 512 3123 stinatum,
541 3027 663 3128 potius
696 3029 744 3105 ab
774 3029 945 3130 ignatio,
978 3055 1091 3129 quom
1122 3059 1144 3108 a
1180 3030 1310 3108 Photio

312 3165 568 3228 consecratum
597 3173 695 3240 cssc;
730 3149 870 3250 quippe
901 3148 989 3251 quin
1030 3149 1092 3224 iilo
1117 3165 1312 3232 revocatus

190 3325 196 3334 ·
315 3301 336 3348 n
364 3274 530 3365 Basilio,
568 3275 630 3352 hic
656 3282 780 3347 autem
798 3273 919 3350 iuerat
942 3274 1181 3356 exturbatus.
1204 3279 1310 3350 Fate-

309 3418 396 3474 mur
427 3404 464 3466 ot
494 3419 584 3487 nos,
618 3391 977 3494 Porphyrogcnitum
1012 3396 1075 3472 nvi
1113 3397 1310 3496 elogium,
1461 3407 1462 3456 t

312 3542 388 3596 non
423 3537 566 3592 murum
593 3514 785 3596 historiam
813 3517 1092 3620 conscripsisset
1123 3528 1162 3598 st
1177 3544 1266 3604 voro
1276 3519 1308 3597 si

1153 3741 1175 3780 N
