2946 4696
73 447 87 549 s
125 473 363 564 didicimus,
391 495 413 547 a
442 469 681 562 Piuoeuatis,
706 493 772 546 sen
810 359 1147 574 aroeeguieghii,

125 601 167 676 in
193 597 405 702 quos‘iiiuc
433 595 667 688 offenderat,
692 598 1058 698 interemptusaest.
1099 600 1143 672 ln

124 722 340 798 Lituaniam
379 717 509 798 versus
547 728 643 828 tnnc*
674 719 920 820 Peceguiegos
946 714 1144 797 totondisse

123 833 318 948 operuit,
346 847 524 948 quoniam
557 843 757 942 scriptores
781 847 960 922 Germani
983 847 1023 921 in
1049 871 1142 924 oon·

121 975 214 1050 finio
245 973 428 1066 Russiae,
452 979 489 1046 et
515 968 712 1048 Litueniae
741 969 880 1048 factam
908 971 1012 1047 iliam
1056 997 1141 1048 ose-

126 1095 215 1172 dem
244 1095 454 1171 affirment.
724 1169 729 1193 s

193 1218 195 1223 ’
221 1221 283 1324 46.
307 1221 358 1296 At
372 1217 503 1296 sedulo
517 1215 822 1311 observandum,
845 1218 949 1320 quod
964 1246 1138 1298 nonom-

124 1369 221 1438 nes,
246 1345 406 1422 maxime
434 1343 502 1445 qui
530 1343 570 1418 in
592 1343 685 1424 locis
711 1343 928 1422 habitabant
966 1345 1139 1422 remotis·

123 1467 249 1562 simis,
264 1469 439 1570 quemvis
453 1467 625 1568 aequales
650 1468 763 1573 etiam
785 1478 907 1543 essem
922 1467 1023 1544 illins
1045 1476 1139 1551 tems

30 1581 41 1597 ”
126 1591 230 1692 poris
244 1603 379 1690 ,atque
408 1601 593 1690 gestorum
609 1589 986 1668 BrunonisBoniiacii
1009 1593 1141 1669 notitia

125 1709 428 1802 instructissimi,
463 1711 604 1786 Russos
637 1719 809 1810 poteraut
840 1711 887 1792 ab
909 1711 991 1787 aliis
1024 1714 1143 1814 genti-v

123 1835 195 1914 bus
213 1836 470 1935 distinguere,
489 1859 586 1936 quae
612 1845 701 1911 tune
724 1835 864 1938 aliquas
881 1837 1034 1914 Russiae
1050 1863 1140 1940 pro·
1175 1929 1176 1938 ἵ

124 1961 273 2042 vincias
295 1959 578 2037 excursionibus
600 1961 836 2045 obtinerent.
859 1962 911 2041 td
931 1989 1019 2040 sane
1031 2019 1045 2059 ,
1069 1964 1143 2040 ite·

118 2109 209 2163 rum
237 2080 424 2176 dicimus,
449 2082 578 2160 sedulo
607 2085 884 2166 observandum
921 2101 1013 2167 est.
1047 2087 1138 2163 inde

121 2207 221 2286 onim
256 2232 369 2288 causa
394 2205 564 2308 ratioque
591 2207 831 2307 cognoscitur
842 2260 860 2302 ‚
901 2233 970 2285 cur
1008 2209 1140 2286 Petrus

3 2429 4 2438 ἵ
125 2331 331 2408 Damianos
358 2329 399 2405 in
432 2330 537 2406 ltalia
559 2329 725 2405 scribens
763 2331 919 2424 dixerit,
948 2332 1054 2434 quod
1084 2333 1138 2416 od

120 2479 251 2556 regem
279 2457 500 2531 Russorum
532 2455 605 2534 Vir
636 2443 862 2534 venerabilis
870 2461 1141 2558 pervenisset,

3 2569 4 2608 ³
121 2597 236 2684 atque
251 2580 299 2656 ab
313 2605 358 2658 eo
371 2583 489 2675 Rex,
515 2585 711 2658 excaecari
732 2584 917 2684 baptisari
931 2611 976 2665 se
994 2589 1142 2664 instan-

122 2713 270 2786 tissimo
293 2705 563 2810 supplicatione
587 2709 795 2814 petiissent.
825 2715 965 2790 Russos
998 2713 1071 2790 hoo
1103 2713 1144 2787 in

120 2832 206 2908 loco
234 2857 323 2908 onm
351 2831 610 2934 Peoegnieghis
632 2833 764 2910 Russia
788 2835 1041 2934 grassantibus
1057 2858 1141 2936 per·

124 2958 275 3034 miscuit
290 2959 418 3034 Petrus
432 2959 664 3050 Damianos,
686 2968 796 3059 atque
812 2981 883 3058 pro
897 2959 1053 3034 istorum
1070 2957 1142 3032 dn·

122 3111 168 3160 ce
190 3109 315 3184 regem
333 3083 488 3161 illorum
512 3083 655 3165 invexit
665 3135 681 3174 ,
717 3081 1013 3182 supposuitque.
1044 3079 1146 3156 Hinc

121 3215 331 3290 Russornm
354 3213 433 3312 regi
451 3211 583 3286 iratres
611 3203 803 3298 attribuit,
828 3235 851 3282 e
877 3189 1143 3308 quorum'uno

129 3339 259 3414 Bruno
278 3333 499 3414 ¹bonifacius
522 3317 738 3406 interfectus
759 3328 833 3404 sits
858 3355 978 3432 quum
1018 3339 1142 3408 temen

128 3473 272 3542 constet
295 3489 341 3541 ex
367 3461 522 3541 Russias
544 3459 819 3554 monumentis,
843 3460 991 3537 nulium
1008 3485 1142 3562 snper·

2 3610 5 3635 ’
127 3591 243 3672 fuisse
270 3591 318 3671 de
342 3589 571 3676 Volodimiri
600 3587 802 3686 iratribus,
828 3588 979 3694 quando
1012 3589 1145 3689 pison·
